<?xml version="1.0" encoding="UTF-8"?><collection xmlns="http://www.loc.gov/MARC21/slim"><record><leader>00476nam--2200145-i-4500</leader><controlfield tag="001">000019772</controlfield><controlfield tag="002">20161230</controlfield><controlfield tag="005">20161230201033</controlfield><controlfield tag="008">060222s1000------------r-----000-0-eng-d</controlfield><datafield ind1=" " ind2=" " tag="080"><subfield code="a">530.1(061.3)</subfield></datafield><datafield ind1=" " ind2=" " tag="245"><subfield code="a">Mathematical problemes in theoretical physics international conference held in rome, 6-15 june, 1977</subfield></datafield><datafield ind1=" " ind2=" " tag="260"><subfield code="a">Berlin, Springer-verlag, 1978.   438 P</subfield></datafield><datafield ind1=" " ind2=" " tag="490"><subfield code="a">Lecture Notes In Physics</subfield></datafield><datafield ind1=" " ind2=" " tag="700"><subfield code="a">Dell`Antonio, G., Doplicher, S., Jona-lasino,G</subfield></datafield><datafield ind1=" " ind2=" " tag="852"><subfield code="a">33191</subfield></datafield></record></collection>